%YAML 1.1
%TAG !u! tag:unity3d.com,2011:
--- !u!1001 &100100000
Prefab:
  m_ObjectHideFlags: 1
  serializedVersion: 2
  m_Modification:
    m_TransformParent: {fileID: 0}
    m_Modifications: []
    m_RemovedComponents: []
  m_ParentPrefab: {fileID: 0}
  m_RootGameObject: {fileID: 1815551218346746}
  m_IsPrefabParent: 1
--- !u!1 &1299029372055998
GameObject:
  m_ObjectHideFlags: 0
  m_PrefabParentObject: {fileID: 0}
  m_PrefabInternal: {fileID: 100100000}
  serializedVersion: 5
  m_Component:
  - component: {fileID: 4782963642629054}
  - component: {fileID: 20359931644320692}
  m_Layer: 0
  m_Name: Lighting Camera
  m_TagString: Untagged
  m_Icon: {fileID: 0}
  m_NavMeshLayer: 0
  m_StaticEditorFlags: 0
  m_IsActive: 1
--- !u!1 &1815551218346746
GameObject:
  m_ObjectHideFlags: 0
  m_PrefabParentObject: {fileID: 0}
  m_PrefabInternal: {fileID: 100100000}
  serializedVersion: 5
  m_Component:
  - component: {fileID: 4628958775332586}
  - component: {fileID: 20494084979142206}
  - component: {fileID: 124394115287480102}
  - component: {fileID: 81864535040703496}
  - component: {fileID: 114312395801298524}
  - component: {fileID: 114947567574022598}
  - component: {fileID: 114201714059756554}
  - component: {fileID: 114098868274097826}
  m_Layer: 0
  m_Name: Main Camera
  m_TagString: MainCamera
  m_Icon: {fileID: 0}
  m_NavMeshLayer: 0
  m_StaticEditorFlags: 0
  m_IsActive: 1
--- !u!4 &4628958775332586
Transform:
  m_ObjectHideFlags: 1
  m_PrefabParentObject: {fileID: 0}
  m_PrefabInternal: {fileID: 100100000}
  m_GameObject: {fileID: 1815551218346746}
  m_LocalRotation: {x: -0, y: -0, z: -0, w: 1}
  m_LocalPosition: {x: 5.7100005, y: -17.519999, z: -10.41}
  m_LocalScale: {x: 1, y: 1, z: 0}
  m_Children:
  - {fileID: 4782963642629054}
  m_Father: {fileID: 0}
  m_RootOrder: 0
  m_LocalEulerAnglesHint: {x: 0, y: 0, z: 0}
--- !u!4 &4782963642629054
Transform:
  m_ObjectHideFlags: 1
  m_PrefabParentObject: {fileID: 0}
  m_PrefabInternal: {fileID: 100100000}
  m_GameObject: {fileID: 1299029372055998}
  m_LocalRotation: {x: 0, y: 0, z: 0, w: 1}
  m_LocalPosition: {x: 0, y: 0, z: 0}
  m_LocalScale: {x: 1, y: 1, z: 1}
  m_Children: []
  m_Father: {fileID: 4628958775332586}
  m_RootOrder: 0
  m_LocalEulerAnglesHint: {x: 0, y: 0, z: 0}
--- !u!20 &20359931644320692
Camera:
  m_ObjectHideFlags: 1
  m_PrefabParentObject: {fileID: 0}
  m_PrefabInternal: {fileID: 100100000}
  m_GameObject: {fileID: 1299029372055998}
  m_Enabled: 0
  serializedVersion: 2
  m_ClearFlags: 2
  m_BackGroundColor: {r: 0, g: 0, b: 0, a: 0}
  m_NormalizedViewPortRect:
    serializedVersion: 2
    x: 0
    y: 0
    width: 1
    height: 1
  near clip plane: 0.01
  far clip plane: 1000
  field of view: 90
  orthographic: 1
  orthographic size: 8
  m_Depth: -2
  m_CullingMask:
    serializedVersion: 2
    m_Bits: 256
  m_RenderingPath: 1
  m_TargetTexture: {fileID: 0}
  m_TargetDisplay: 0
  m_TargetEye: 3
  m_HDR: 0
  m_AllowMSAA: 1
  m_AllowDynamicResolution: 0
  m_ForceIntoRT: 0
  m_OcclusionCulling: 1
  m_StereoConvergence: 10
  m_StereoSeparation: 0.022
--- !u!20 &20494084979142206
Camera:
  m_ObjectHideFlags: 1
  m_PrefabParentObject: {fileID: 0}
  m_PrefabInternal: {fileID: 100100000}
  m_GameObject: {fileID: 1815551218346746}
  m_Enabled: 1
  serializedVersion: 2
  m_ClearFlags: 2
  m_BackGroundColor: {r: 0.09019608, g: 0.1137255, b: 0.050980397, a: 0}
  m_NormalizedViewPortRect:
    serializedVersion: 2
    x: 0
    y: 0
    width: 1
    height: 1
  near clip plane: 0.3
  far clip plane: 1000
  field of view: 60
  orthographic: 1
  orthographic size: 5
  m_Depth: -1
  m_CullingMask:
    serializedVersion: 2
    m_Bits: 4294965503
  m_RenderingPath: -1
  m_TargetTexture: {fileID: 0}
  m_TargetDisplay: 0
  m_TargetEye: 3
  m_HDR: 1
  m_AllowMSAA: 1
  m_AllowDynamicResolution: 0
  m_ForceIntoRT: 0
  m_OcclusionCulling: 1
  m_StereoConvergence: 10
  m_StereoSeparation: 0.022
--- !u!81 &81864535040703496
AudioListener:
  m_ObjectHideFlags: 1
  m_PrefabParentObject: {fileID: 0}
  m_PrefabInternal: {fileID: 100100000}
  m_GameObject: {fileID: 1815551218346746}
  m_Enabled: 1
--- !u!114 &114098868274097826
MonoBehaviour:
  m_ObjectHideFlags: 1
  m_PrefabParentObject: {fileID: 0}
  m_PrefabInternal: {fileID: 100100000}
  m_GameObject: {fileID: 1815551218346746}
  m_Enabled: 1
  m_EditorHideFlags: 0
  m_Script: {fileID: 11500000, guid: ff26db721962cdf4a8edcdfa9a767d2a, type: 3}
  m_Name: 
  m_EditorClassIdentifier: 
  profile: {fileID: 11400000, guid: a516543f9f7456e43a1ac477d8dc22b1, type: 2}
--- !u!114 &114201714059756554
MonoBehaviour:
  m_ObjectHideFlags: 1
  m_PrefabParentObject: {fileID: 0}
  m_PrefabInternal: {fileID: 100100000}
  m_GameObject: {fileID: 1815551218346746}
  m_Enabled: 1
  m_EditorHideFlags: 0
  m_Script: {fileID: 11500000, guid: 0664db625bfd77f479b6922cdd97ffaa, type: 3}
  m_Name: 
  m_EditorClassIdentifier: 
--- !u!114 &114312395801298524
MonoBehaviour:
  m_ObjectHideFlags: 1
  m_PrefabParentObject: {fileID: 0}
  m_PrefabInternal: {fileID: 100100000}
  m_GameObject: {fileID: 1815551218346746}
  m_Enabled: 1
  m_EditorHideFlags: 0
  m_Script: {fileID: 11500000, guid: 2d9b6871d3cdbba478825c4b041a7f90, type: 3}
  m_Name: 
  m_EditorClassIdentifier: 
  LightPixelSize: 0.05
  LightCameraSizeAdd: 3
  LightCameraFovAdd: 30
  EnableAmbientLight: 1
  BlurLightSources: 1
  BlurAmbientLight: 1
  HDR: 1
  LightObstaclesAntialiasing: 1
  LightObstaclesDistance: 10
  LightTexturesFilterMode: 1
  EnableNormalMapping: 0
  AffectOnlyThisCamera: 0
  AmbientLightComputeMaterial: {fileID: 2100000, guid: 0d2e0bb3755347a42ba8fe781dcfa6f1,
    type: 2}
  LightOverlayMaterial: {fileID: 2100000, guid: 357b085471a3b6b4aace8aa4cc99238a,
    type: 2}
  LightSourcesBlurMaterial: {fileID: 2100000, guid: a359593f98c7f7740b07a09ac6d11e43,
    type: 2}
  AmbientLightBlurMaterial: {fileID: 2100000, guid: a359593f98c7f7740b07a09ac6d11e43,
    type: 2}
  LightCamera: {fileID: 20359931644320692}
  LightSourcesLayer: 8
  AmbientLightLayer: 10
  LightObstaclesLayer: 9
--- !u!114 &114947567574022598
MonoBehaviour:
  m_ObjectHideFlags: 1
  m_PrefabParentObject: {fileID: 0}
  m_PrefabInternal: {fileID: 100100000}
  m_GameObject: {fileID: 1815551218346746}
  m_Enabled: 1
  m_EditorHideFlags: 0
  m_Script: {fileID: 11500000, guid: d5b78b18e4dee7c4e9e5a84eccd28f13, type: 3}
  m_Name: 
  m_EditorClassIdentifier: 
  player: {fileID: 0}
  fireflight: {fileID: 0}
--- !u!124 &124394115287480102
Behaviour:
  m_ObjectHideFlags: 1
  m_PrefabParentObject: {fileID: 0}
  m_PrefabInternal: {fileID: 100100000}
  m_GameObject: {fileID: 1815551218346746}
  m_Enabled: 1
